@article{lizardo2016end-4fb, 
  year    = {2016}, 
  title   = {The End of Symbolic Exclusion? The Rise of “Categorical Tolerance” in the       Musical Tastes of Americans: 1993–2012}, 
  author  = {Lizardo, Omar and Skiles, Sara}, 
  journal = {Sociological Science}, 
  doi     = {10.15195/v3.a5}, 
  url     = {http://dx.doi.org/10.15195/v3.a5}, 
  pages   = {85--108}, 
  number  = {5}, 
  volume  = {3}
}
@article{vaisey2016cultural-867, 
  year    = {2016}, 
  title   = {Cultural Fragmentation or Acquired Dispositions? A New Approach to       Accounting for Patterns of Cultural Change}, 
  author  = {Vaisey, Stephen and Lizardo, Omar}, 
  journal = {Socius}, 
  issn    = {2378-0231}, 
  doi     = {10.1177/2378023116669726}, 
  url     = {https://scholar.google.ca/scholar?cluster=745374085270892978&hl=en&as_sdt=0,5&sciodt=0,5}, 
  pages   = {2378023116669726}, 
  volume  = {2}, 
  note    = {doi: 10.1177/2378023116669726}, 
  month   = {1}
}
@article{kiley2020measuring-123, 
  year    = {2020}, 
  title   = {Measuring Stability and Change in Personal Culture Using Panel Data}, 
  author  = {Kiley, Kevin and Vaisey, Stephen}, 
  journal = {American sociological review}, 
  issn    = {0003-1224}, 
  doi     = {10.1177/0003122420921538}, 
  url     = {https://journals.sagepub.com/doi/pdf/10.1177/0003122420921538?casa_token=PXlV0fkHT1MAAAAA:lL8keX45Qv2n2t5e7_0rS5k6WzpoAonRhPOqsvXmVWfiqZMGrA1xWMPQA4x_WUoueJpUXH5Xo6pS}, 
  pages   = {477--506}, 
  number  = {3}, 
  volume  = {85}, 
  month   = {6}
}
@article{keskintrk2025what-483, 
  year    = {2025}, 
  title   = {What Are You Talking about? Discussion Frequency of Issues Captured in Common Survey Questions}, 
  author  = {Keskintürk, Turgut and Kiley, Kevin and Vaisey, Stephen}, 
  journal = {Sociological Science}, 
  doi     = {10.15195/v12.a12}, 
  pages   = {256--276}, 
  volume  = {12}
}
@article{vaisey2021model-based-deb, 
  year    = {2021}, 
  title   = {A Model-Based Method for Detecting Persistent Cultural Change Using Panel Data}, 
  author  = {Vaisey, Stephen and Kiley, Kevin}, 
  journal = {Sociological Science}, 
  issn    = {2330-6696}, 
  doi     = {10.15195/v8.a5}, 
  pmid    = {34977277}, 
  pmcid   = {{PMC}8715548}, 
  pages   = {83--95}, 
  volume  = {8}
}
@book{bourdieu1984distinction-835, 
  year       = {1984}, 
  title      = {Distinction: A Social Critique of the Judgement of Taste}, 
  author     = {Bourdieu, Pierre}, 
  translator = {["Richard Nice"]}, 
  isbn       = {9780674212770}, 
  url        = {https://books.google.com/books?isbn=0674212770}, 
  publisher  = {Harvard University Press}, 
  address    = {Cambridge, {MA}}
}
@article{mcpherson2004blau-9fe, 
  year    = {2004}, 
  title   = {A Blau space primer: prolegomenon to an ecology of affiliation}, 
  author  = {{McPherson}, J Miller}, 
  journal = {Industrial and Corporate Change}, 
  issn    = {0960-6491}, 
  doi     = {10.1093/icc/13.1.263}, 
  url     = {http://icc.oxfordjournals.org/content/13/1/263.short}, 
  pages   = {263--280}, 
  number  = {1}, 
  volume  = {13}, 
  month   = {2}
}
@article{dellaposta2020pluralistic-ed4, 
  year    = {2020}, 
  title   = {Pluralistic Collapse: The “Oil Spill” Model of Mass Opinion Polarization}, 
  author  = {{DellaPosta}, Daniel}, 
  journal = {American sociological review}, 
  issn    = {0003-1224}, 
  doi     = {10.1177/0003122420922989}, 
  url     = {https://journals.sagepub.com/doi/pdf/10.1177/0003122420922989?casa_token=hfRjo_JeobIAAAAA:hqdBQV8MjkHNPyvr03HGiScXsKnNQx_4OjCubmcP1PlDsY87CROaVNuellrpe3apYAlKP-53hfpo}, 
  pages   = {507--536}, 
  number  = {3}, 
  volume  = {85}, 
  month   = {6}
}
@article{childress2019encultured-e58, 
  year    = {2019}, 
  title   = {Encultured Biases: The Role of Products in Pathways to Inequality}, 
  author  = {Childress, Clayton and Nault, Jean-François}, 
  journal = {American sociological review}, 
  issn    = {0003-1224}, 
  doi     = {10.1177/0003122418816109}, 
  url     = {https://journals.sagepub.com/doi/pdf/10.1177/0003122418816109}, 
  pages   = {115--141}, 
  number  = {1}, 
  volume  = {84}, 
  month   = {2}
}
@article{rawlings2023polarization-0af, 
  year    = {2023}, 
  title   = {The Polarization of Popular Culture: Tracing the Size, Shape, and Depth of the “Oil Spill”}, 
  author  = {Rawlings, Craig M and Childress, Clayton}, 
  journal = {Social Forces}, 
  issn    = {0037-7732}, 
  doi     = {10.1093/sf/soad150}, 
  pages   = {1582--1607}, 
  number  = {4}, 
  volume  = {102}
}
@article{bryson1996anything-311, 
  year    = {1996}, 
  title   = {'Anything but heavy metal': Symbolic exclusion and musical dislikes}, 
  author  = {Bryson, Bethany}, 
  journal = {American sociological review}, 
  issn    = {0003-1224}, 
  url     = {http://www-personal.umich.edu/~lundyj/New%20College%20Class/Readings/Bethany%20Bryson_Anything%20but%20Heavy%20Metal.pdf}, 
  pages   = {884--899}
}
@article{jarness2017im-001, 
  year    = {2017}, 
  title   = {‘I’m not a snob, but…’: Class boundaries and the downplaying of difference}, 
  author  = {Jarness, Vegard and Friedman, Sam}, 
  journal = {Poetics }, 
  issn    = {0304-422X}, 
  url     = {https://www.sciencedirect.com/science/article/pii/S0304422X16300249?casa_token=T3u4_AXkuGQAAAAA:UlDbDsNZJNeznQl7IaoS_MSNiu2b3VNwyLHLHFWnpYKHpnQUCZBohFhG78xre92mirU_ch0rxg}, 
  pages   = {14--25}, 
  volume  = {61}
}
@article{lizardo2015musical-8c6, 
  year     = {2015}, 
  keywords = {Musical taste, Generations, Field theory, Social change}, 
  title    = {Musical taste and patterns of symbolic exclusion in the United States       1993–2012: Generational dynamics of differentiation and continuity}, 
  author   = {Lizardo, Omar and Skiles, Sara}, 
  journal  = {Poetics }, 
  issn     = {0304-422X}, 
  doi      = {10.1016/j.poetic.2015.08.003}, 
  url      = {http://dx.doi.org/10.1016/j.poetic.2015.08.003}, 
  pages    = {9--21}, 
  volume   = {53}, 
  month    = {12}
}
@article{zorn1998analytic-6b1, 
  year    = {1998}, 
  title   = {An Analytic and Empirical Examination of Zero-Inflated and Hurdle Poisson Specifications}, 
  author  = {Zorn, Christopher J. W.}, 
  journal = {Sociological Methods \& Research}, 
  issn    = {0049-1241}, 
  doi     = {10.1177/0049124198026003004}, 
  pages   = {368--400}, 
  number  = {3}, 
  volume  = {26}
}
@book{khan2011privilege-68a, 
  year      = {2011}, 
  title     = {Privilege}, 
  author    = {Khan, Shamus R}, 
  publisher = {Princeton University Press}, 
  address   = {Princeton}
}
@article{peterson1983patterns-f85, 
  year    = {1983}, 
  title   = {Patterns of Cultural Choice}, 
  author  = {Richard A Peterson}, 
  journal = {American Behavioral Scientist}, 
  issn    = {0002-7642}, 
  doi     = {10.1177/000276483026004002}, 
  pages   = {422--438}, 
  number  = {4}, 
  volume  = {26}
}
@article{peterson1996changing-967, 
  year    = {1996}, 
  title   = {Changing Highbrow Taste: From Snob to Omnivore}, 
  author  = {Peterson, Richard A and Kern, Roger M}, 
  journal = {American sociological review}, 
  issn    = {0003-1224}, 
  url     = {http://is.muni.cz/el/1423/podzim2010/SOC978/SOC_470_Peterson.pdf}, 
  pages   = {900--907}, 
  number  = {5}, 
  volume  = {61}
}
@article{goldberg2011mapping-77a, 
  year    = {2011}, 
  title   = {Mapping Shared Understandings Using Relational Class Analysis: The Case of       the Cultural Omnivore Reexamined}, 
  author  = {Goldberg, Amir}, 
  journal = {The American journal of sociology}, 
  issn    = {0002-9602}, 
  doi     = {10.1086/657976}, 
  url     = {https://www.journals.uchicago.edu/doi/full/10.1086/657976}, 
  pages   = {1397--1436}, 
  number  = {5}, 
  volume  = {116}
}
@article{warde2008omnivorous-e77, 
  year    = {2008}, 
  title   = {The omnivorous orientation in the {UK}}, 
  author  = {Warde, Alan and Wright, David and Gayo-Cal, Modesto}, 
  journal = {Poetics }, 
  issn    = {0304-422X}, 
  url     = {http://www.sciencedirect.com/science/article/pii/S0304422X08000065}, 
  pages   = {148--165}, 
  number  = {2}, 
  volume  = {36}
}
@article{bryson1997what-933, 
  year    = {1997}, 
  title   = {What about the univores? Musical dislikes and group-based identity       construction among Americans with low levels of education}, 
  author  = {Bryson, Bethany}, 
  journal = {Poetics }, 
  issn    = {0304-422X}, 
  doi     = {10.1016/s0304-422x(97)00008-9}, 
  url     = {http://educ.jmu.edu/~brysonbp/pubs/BrysonOmnivores.pdf}, 
  pages   = {141--156}, 
  number  = {2}, 
  volume  = {25}, 
  month   = {11}
}
@article{sullivan2007omnivore-018, 
  year    = {2007}, 
  title   = {The Omnivore Thesis Revisited: Voracious Cultural Consumers}, 
  author  = {Sullivan, Oriel and Katz-Gerro, Tally}, 
  journal = {European Sociological Review}, 
  issn    = {0266-7215}, 
  doi     = {10.1093/esr/jcl024}, 
  pages   = {123--137}, 
  number  = {2}, 
  volume  = {23}
}
@article{poecke2018pure-873, 
  year    = {2018}, 
  title   = {Pure taste in popular music: The social construction of indie-folk as a       performance of “poly-purism”}, 
  author  = {Poecke, Niels van}, 
  journal = {American Journal of Cultural Sociology}, 
  issn    = {2049-7121}, 
  doi     = {10.1057/s41290-017-0033-y}, 
  url     = {https://link.springer.com/article/10.1057/s41290-017-0033-y}, 
  pages   = {499--531}, 
  number  = {3}, 
  volume  = {6}, 
  month   = {10}
}
@article{goldberg2016what-4e3, 
  year    = {2016}, 
  title   = {What does it mean to span cultural boundaries? Variety and atypicality in       cultural consumption}, 
  author  = {Goldberg, Amir and Hannan, Michael T and Kovács, Balázs}, 
  journal = {American sociological review}, 
  issn    = {0003-1224}, 
  pages   = {215--241}, 
  number  = {2}, 
  volume  = {81 }
}
@book{atkinson2019bourdieu-59d, 
  year      = {2019}, 
  title     = {Bourdieu and After: A Guide to Relational Phenomenology}, 
  author    = {Atkinson, Will}, 
  isbn      = {9781000651966}, 
  url       = {https://books.google.com/books?hl=en&lr=&id=9U2wDwAAQBAJ&oi=fnd&pg=PT8&dq=atkinson+bourdieu&ots=D7UUBvz7Dj&sig=eVk_Hf9H61wBmsoSRntoViuqbas}, 
  publisher = {Routledge}, 
  month     = {9}
}
@article{nault2021social-1bf, 
  year    = {2021}, 
  title   = {The social positions of taste between and within music genres: From       omnivore to snob}, 
  author  = {Nault, Jean-François and Baumann, Shyon and Childress, Clayton and Rawlings, Craig M}, 
  journal = {European Journal of Cultural Studies}, 
  issn    = {1367-5494}, 
  doi     = {10.1177/13675494211006090}, 
  url     = {https://journals.sagepub.com/doi/pdf/10.1177/13675494211006090}, 
  pages   = {717--740}, 
  number  = {3}, 
  volume  = {24}, 
  month   = {6}
}
@article{atkinson2011context-d44, 
  year    = {2011}, 
  title   = {The context and genesis of musical tastes: Omnivorousness debunked,       Bourdieu buttressed}, 
  author  = {Atkinson, Will}, 
  journal = {Poetics }, 
  issn    = {0304-422X}, 
  doi     = {10.1016/j.poetic.2011.03.002}, 
  url     = {http://dx.doi.org/10.1016/j.poetic.2011.03.002}, 
  pages   = {169--186}, 
  number  = {3}, 
  volume  = {39}
}
@article{ochoa2024opinions-856, 
  year    = {2024}, 
  title   = {Opinions on hard-to-discuss topics change more via cohort replacement}, 
  author  = {Ochoa, Nicolas Restrepo and Vaisey, Stephen}, 
  journal = {Evolutionary Human Sciences}, 
  doi     = {10.1017/ehs.2024.13}, 
  pmid    = {38689892}, 
  pmcid   = {{PMC}11058531}, 
  pages   = {e25}, 
  volume  = {6}
}
@article{sonnett2004musical-961, 
  year    = {2004}, 
  title   = {Musical boundaries: intersections of form and content}, 
  author  = {Sonnett, John}, 
  journal = {Poetics }, 
  issn    = {0304-422X}, 
  doi     = {10.1016/j.poetic.2004.05.007}, 
  pages   = {247--264}, 
  number  = {3}, 
  volume  = {32}
}
@article{lindblom2022growing-ded, 
  year    = {2022}, 
  title   = {Growing openness or creeping intolerance? Cultural taste orientations and tolerant social attitudes in Finland, 2007–2018}, 
  author  = {Lindblom, Taru}, 
  journal = {Poetics}, 
  issn    = {0304-422X}, 
  doi     = {10.1016/j.poetic.2022.101663}, 
  pages   = {101663}, 
  volume  = {93}
}
@article{peterson1992understanding-ce3, 
  year    = {1992}, 
  title   = {Understanding audience segmentation: From elite and mass to omnivore and       univore}, 
  author  = {Peterson, Richard A}, 
  journal = {Poetics }, 
  issn    = {0304-422X}, 
  doi     = {10.1016/0304-422x(92)90008-q}, 
  url     = {http://dx.doi.org/10.1016/0304-422X(92)90008-Q}, 
  pages   = {243--258}, 
  number  = {4}, 
  volume  = {21}, 
  month   = {8}
}
@article{lizardo2012reconceptualizing-8ff, 
  year    = {2012}, 
  title   = {Reconceptualizing and Theorizing “Omnivorousness”: Genetic and Relational       Mechanisms}, 
  author  = {Lizardo, Omar and Skiles, Sara}, 
  journal = {Sociological Theory}, 
  doi     = {10.1177/0735275112466999}, 
  url     = {https://www3.nd.edu/~olizardo/papers/st-theorizing-omnivorousness.pdf}, 
  pages   = {263--282}, 
  number  = {4}, 
  volume  = {30}, 
  note    = {10.1177/0735275112466999}, 
  month   = {12}
}
@article{ollivier2008modes-96f, 
  year    = {2008}, 
  title   = {Modes of openness to cultural diversity: Humanist, populist, practical,       and indifferent}, 
  author  = {Ollivier, Michèle}, 
  journal = {Poetics }, 
  issn    = {0304-422X}, 
  doi     = {10.1016/j.poetic.2008.02.005}, 
  url     = {http://dx.doi.org/10.1016/j.poetic.2008.02.005}, 
  pages   = {120--147}, 
  number  = {2–3}, 
  volume  = {36}
}
@article{lindblom2019anything-530, 
  year    = {2019}, 
  title   = {‘Anything but heavy meal’ – Culinary dislikes and patterned intolerance       among the young urban Finns}, 
  author  = {Lindblom, Taru and Mustonen, Pekka}, 
  journal = {Social sciences information. Information sur les sciences sociales}, 
  issn    = {0539-0184}, 
  doi     = {10.1177/0539018419842755}, 
  url     = {http://dx.doi.org/10.1177/0539018419842755}, 
  pages   = {193--218}, 
  number  = {1}, 
  volume  = {58}
}
@article{lizardo2016cultural-aaa, 
  year    = {2016}, 
  title   = {Cultural objects as prisms: Perceived audience composition of musical       genres as a resource for symbolic exclusion}, 
  author  = {Lizardo, Omar and Skiles, Sara}, 
  journal = {Socius}, 
  url     = {https://scholar.google.ca/scholar?cluster=6153666975246663820&hl=en&as_sdt=0,5&sciodt=0,5}
}
@article{oncini2023cultural-323, 
  year    = {2023}, 
  title   = {Cultural Intolerance, in Practice: Social Variation in Food and Drink Avoidances in Italy, 2003–2016}, 
  author  = {Oncini, Filippo and Rödl, Malte B. and Triventi, Moris and Warde, Alan}, 
  journal = {Social Indicators Research}, 
  issn    = {0303-8300}, 
  doi     = {10.1007/s11205-023-03232-4}, 
  pages   = {1075--1096}, 
  number  = {3}, 
  volume  = {170}
}
@article{kim2020anything-71b, 
  year    = {2020}, 
  title   = {Anything but Gugak and Trot: Symbolic exclusion and musical dislikes in South Korea}, 
  author  = {Kim, Su Jung and Joo, Hyae Jeong and Choi, {SetByol}}, 
  journal = {Journal of Asian Sociology}, 
  doi     = {10.21588/dns.2020.49.3.003}, 
  pages   = {321--350}, 
  number  = {3}, 
  volume  = {49}
}
@article{chan2019understanding-1d0, 
  year    = {2019}, 
  title   = {Understanding cultural omnivores: social and political attitudes}, 
  author  = {Chan, Tak Wing}, 
  journal = {The British Journal of Sociology}, 
  issn    = {0007-1315}, 
  doi     = {10.1111/1468-4446.12613}, 
  pmid    = {31190383}, 
  pages   = {784--806}, 
  number  = {3}, 
  volume  = {70}
}
@article{cho2023are-61e, 
  year    = {2023}, 
  title   = {Are ‘cultural omnivores’ more accepting of outgroup members? Survey findings from a new immigrant destination}, 
  author  = {Cho, Ahhyun and Kim, Harris Hyun-soo}, 
  journal = {International Journal of Intercultural Relations}, 
  issn    = {0147-1767}, 
  doi     = {10.1016/j.ijintrel.2023.101833}, 
  pages   = {101833}, 
  volume  = {96}
}
@article{paredes2022is-403, 
  year    = {2022}, 
  title   = {Is Openness in Taste Directly Associated with Tolerance? Exploring a Relationship between Openness in Taste in Leisure Consumption and Attitudes toward Immigrants}, 
  author  = {Paredes, Cristian L.}, 
  journal = {Humanity \& Society}, 
  issn    = {0160-5976}, 
  doi     = {10.1177/0160597621993404}, 
  pages   = {170--201}, 
  number  = {2}, 
  volume  = {46}
}
@article{sokolova2020does-65c, 
  year     = {2020}, 
  keywords = {Cultural capital, Cultural consumption, Omnivorousness, Bimodal networks, Literary tastes, Popular culture}, 
  title    = {Does popular culture bridge cultural holes? A study of a literary taste       system using unimodal network projections}, 
  author   = {Sokolova, Nadezhda and Sokolov, Mikhail}, 
  journal  = {Poetics }, 
  issn     = {0304-422X}, 
  doi      = {10.1016/j.poetic.2020.101472}, 
  url      = {http://dx.doi.org/10.1016/j.poetic.2020.101472}, 
  pages    = {101472}, 
  volume   = {83}, 
  month    = {12}
}
@article{tonkovi2025globallocal-96f, 
  year    = {2025}, 
  title   = {The global/local and omnivore/univore nexus: class divisions and cultural tastes in contemporary Croatia}, 
  author  = {Tonković, Željka and Krolo, Krešimir and Doolan, Karin and Primorac, Jaka}, 
  journal = {Cultural Trends}, 
  issn    = {0954-8963}, 
  doi     = {10.1080/09548963.2025.2458269}, 
  pages   = {1--21}, 
  number  = {ahead-of-print}, 
  volume  = {ahead-of-print}
}
@article{sonnett2016ambivalence-352, 
  year    = {2016}, 
  title   = {Ambivalence, indifference, distinction: A comparative netfield analysis of implicit musical boundaries}, 
  author  = {Sonnett, John}, 
  journal = {Poetics}, 
  issn    = {0304-422X}, 
  doi     = {10.1016/j.poetic.2015.09.002}, 
  pages   = {38--53}, 
  volume  = {54}
}
@article{finkel2020political-78d, 
  year    = {2020}, 
  title   = {Political sectarianism in America}, 
  author  = {Finkel, Eli J. and Bail, Christopher A. and Cikara, Mina and Ditto, Peter H. and Iyengar, Shanto and Klar, Samara and Mason, Lilliana and {McGrath}, Mary C. and Nyhan, Brendan and Rand, David G. and Skitka, Linda J. and Tucker, Joshua A. and Bavel, Jay J. Van and Wang, Cynthia S. and Druckman, James N.}, 
  journal = {Science}, 
  issn    = {0036-8075}, 
  doi     = {10.1126/science.abe1715}, 
  pmid    = {33122374}, 
  pages   = {533--536}, 
  number  = {6516}, 
  volume  = {370}
}
@article{crabtree2025yes-e5f, 
  year    = {2025}, 
  title   = {Yes, you can do global, cross-cultural behavioral science research using existing survey firms}, 
  author  = {Crabtree, Charles}, 
  journal = {Proceedings of the National Academy of Sciences}, 
  issn    = {0027-8424}, 
  doi     = {10.1073/pnas.2418102122}, 
  pmid    = {40048288}, 
  pmcid   = {{PMC}11929489}, 
  pages   = {e2418102122}, 
  number  = {11}, 
  volume  = {122}
}
@article{lizardo2024from-ddd, 
  year    = {2024}, 
  title   = {From Macrogenres to microgenres via relationality}, 
  author  = {Lizardo, Omar}, 
  journal = {Poetics (Hague, Netherlands)}, 
  issn    = {0304-422X}, 
  doi     = {10.1016/j.poetic.2024.101868}, 
  url     = {http://dx.doi.org/10.1016/j.poetic.2024.101868}, 
  pages   = {101868}, 
  number  = {101868}, 
  volume  = {102}
}
@article{andrews2022culture-390, 
  year    = {2022}, 
  title   = {Culture, Personal Values, Personality, Uses of Music, and Musical Taste}, 
  author  = {Andrews, Christopher and Gardiner, Kate and Jain, Tushar Kalpeshkumar and Olomi, Yalda and North, Adrian C.}, 
  journal = {Psychology of Aesthetics, Creativity, and the Arts}, 
  issn    = {1931-3896}, 
  doi     = {10.1037/aca0000318}, 
  pages   = {468--486}, 
  number  = {3}, 
  volume  = {16}
}